<?xml version="1.0" encoding="UTF-8"?>
<record xmlns="http://www.loc.gov/MARC21/slim">
   <leader>04737cam a2200997 a 4500</leader>
   <controlfield tag="001">3951024</controlfield>
   <controlfield tag="003">CaOOAMICUS</controlfield>
   <controlfield tag="005">20060109100604.0</controlfield>
   <controlfield tag="008">060106s2006    abcao    b   s001 0deng d</controlfield>
   <datafield tag="016" ind1=" " ind2=" ">
      <subfield code="a">2005903341X</subfield>
   </datafield>
   <datafield tag="016" ind1=" " ind2=" ">
      <subfield code="a">2006904127X</subfield>
   </datafield>
   <datafield tag="016" ind1=" " ind2=" ">
      <subfield code="a">20069003629</subfield>
   </datafield>
   <datafield tag="016" ind1=" " ind2=" ">
      <subfield code="a">20069000557</subfield>
   </datafield>
   <datafield tag="020" ind1=" " ind2=" ">
      <subfield code="a">0968921736 bound)</subfield>
   </datafield>
   <datafield tag="020" ind1=" " ind2=" ">
      <subfield code="a">0968921728 (bound)</subfield>
   </datafield>
   <datafield tag="020" ind1=" " ind2=" ">
      <subfield code="a">096892171X (bound)</subfield>
   </datafield>
   <datafield tag="020" ind1=" " ind2=" ">
      <subfield code="a">0968921795 (bound)</subfield>
   </datafield>
   <datafield tag="020" ind1=" " ind2=" ">
      <subfield code="a">0968921760 (leather bound)</subfield>
   </datafield>
   <datafield tag="020" ind1=" " ind2=" ">
      <subfield code="z">0868921752 (leather bound)</subfield>
   </datafield>
   <datafield tag="020" ind1=" " ind2=" ">
      <subfield code="a">0968921744 (leather bound)</subfield>
   </datafield>
   <datafield tag="020" ind1=" " ind2=" ">
      <subfield code="a">0968921787 (leather bound)</subfield>
   </datafield>
   <datafield tag="035" ind1=" " ind2=" ">
      <subfield code="a">ocn191661528</subfield>
   </datafield>
   <datafield tag="040" ind1=" " ind2=" ">
      <subfield code="a">AEE</subfield>
      <subfield code="b">eng</subfield>
      <subfield code="d">AEHE</subfield>
      <subfield code="b">AEVAC</subfield>
   </datafield>
   <datafield tag="043" ind1=" " ind2=" ">
      <subfield code="a">n-cn-ab</subfield>
   </datafield>
   <datafield tag="055" ind1=" " ind2="3">
      <subfield code="a">JL330</subfield>
      <subfield code="b">C397 2006</subfield>
   </datafield>
   <datafield tag="082" ind1="0" ind2=" ">
      <subfield code="a">971.23/03/0922</subfield>
      <subfield code="2">22</subfield>
   </datafield>
   <datafield tag="090" ind1=" " ind2=" ">
      <subfield code="a">JL 330 C397 2006</subfield>
      <subfield code="b">AGPC</subfield>
   </datafield>
   <datafield tag="090" ind1=" " ind2=" ">
      <subfield code="a">JL 330 C397 2006</subfield>
      <subfield code="b">AEVAC</subfield>
   </datafield>
   <datafield tag="090" ind1=" " ind2=" ">
      <subfield code="a">971.23 CEN</subfield>
      <subfield code="b">ACHCU</subfield>
   </datafield>
   <datafield tag="090" ind1=" " ind2=" ">
      <subfield code="a">JL 330 C397 2006</subfield>
      <subfield code="b">AEKC</subfield>
   </datafield>
   <datafield tag="090" ind1=" " ind2=" ">
      <subfield code="a">JL 330 C397 2006</subfield>
      <subfield code="b">AENABC</subfield>
   </datafield>
   <datafield tag="090" ind1=" " ind2=" ">
      <subfield code="a">JL 339 P477m 2006</subfield>
      <subfield code="b">ASAS</subfield>
   </datafield>
   <datafield tag="090" ind1=" " ind2=" ">
      <subfield code="a">JL 330 C397 2006</subfield>
      <subfield code="b">AEE</subfield>
   </datafield>
   <datafield tag="240" ind1="0" ind2="0">
      <subfield code="a">Centennial series (Legislative Assembly of Alberta), 1869-2005 /</subfield>
   </datafield>
   <datafield tag="245" ind1="0" ind2="0">
      <subfield code="a">Centennial series (Legislative Assembly of Alberta), 1869-2005: A century of democracy</subfield>
      <subfield code="c">by Sandra E. Perry and Karen L. Powell ; editor and historical consultant, Philip A. Massolin ; coordinating editor, Valerie L. Footz.</subfield>
   </datafield>
   <datafield tag="246" ind1="1" ind2=" ">
      <subfield code="a">On behalf of the crown: Lieutenant governors of the North-West Territories and Alberta, 1869-2005.</subfield>
   </datafield>
   <datafield tag="246" ind1="1" ind2=" ">
      <subfield code="a">Mantle of leadership: Premiers of the North-West Territories and Alberta, 1897-2005.</subfield>
   </datafield>
   <datafield tag="246" ind1="1" ind2=" ">
      <subfield code="a">Higher duty: Speakers of the Legislative Assemblies of the North-West Territories and Alberta, 1988-2005.</subfield>
   </datafield>
   <datafield tag="246" ind1="1" ind2=" ">
      <subfield code="a">Century of democracy: elections of the Legislative Assembly of Alberta, 1905-2005</subfield>
   </datafield>
   <datafield tag="260" ind1=" " ind2=" ">
      <subfield code="a">Edmonton :</subfield>
      <subfield code="b">Legislative Assembly of Alberta,</subfield>
      <subfield code="c">c2006.</subfield>
   </datafield>
   <datafield tag="300" ind1=" " ind2=" ">
      <subfield code="a">4 v. :</subfield>
      <subfield code="b">ill. (some col.), photos ;</subfield>
      <subfield code="c">25 cm.</subfield>
   </datafield>
   <datafield tag="336" ind1=" " ind2=" ">
      <subfield code="a">text</subfield>
      <subfield code="b">txt</subfield>
      <subfield code="2">rdacontent</subfield>
   </datafield>
   <datafield tag="337" ind1=" " ind2=" ">
      <subfield code="a">unmediated</subfield>
      <subfield code="b">n</subfield>
      <subfield code="2">rdamedia</subfield>
   </datafield>
   <datafield tag="338" ind1=" " ind2=" ">
      <subfield code="a">volume</subfield>
      <subfield code="b">nc</subfield>
      <subfield code="2">rdacarrier</subfield>
   </datafield>
   <datafield tag="490" ind1="1" ind2=" ">
      <subfield code="a">Centennial series</subfield>
   </datafield>
   <datafield tag="500" ind1=" " ind2=" ">
      <subfield code="a">"Legislative Assembly of Alberta: the Centennial Series".</subfield>
   </datafield>
   <datafield tag="500" ind1=" " ind2=" ">
      <subfield code="a">"Published under the authority of the Speaker of the Legislative Assembly of Alberta".</subfield>
   </datafield>
   <datafield tag="504" ind1=" " ind2=" ">
      <subfield code="a">Includes bibliographical references and index.</subfield>
   </datafield>
   <datafield tag="505" ind1="0" ind2=" ">
      <subfield code="a">Bk.1. On Behalf of the crown -- Bk.2. Mantle of leadership -- Bk.3. Higher duty -- Bk.4. Century of democracy.</subfield>
   </datafield>
   <datafield tag="596" ind1=" " ind2=" ">
      <subfield code="a">2 23 28 31 59</subfield>
   </datafield>
   <datafield tag="610" ind1="1" ind2="0">
      <subfield code="a">Alberta.</subfield>
      <subfield code="b">Legislative Assembly</subfield>
      <subfield code="x">Speakers</subfield>
      <subfield code="v">Biography.</subfield>
   </datafield>
   <datafield tag="610" ind1="1" ind2="0">
      <subfield code="a">Alberta.</subfield>
      <subfield code="b">Legislative Assembly</subfield>
      <subfield code="x">Elections</subfield>
      <subfield code="x">History.</subfield>
   </datafield>
   <datafield tag="610" ind1="1" ind2="0">
      <subfield code="a">Northwest Territories.</subfield>
      <subfield code="b">Legislative Assembly</subfield>
      <subfield code="x">Speakers</subfield>
      <subfield code="v">Biography.</subfield>
   </datafield>
   <datafield tag="610" ind1="1" ind2="0">
      <subfield code="a">Alberta.</subfield>
      <subfield code="b">Legislative Assembly</subfield>
      <subfield code="v">Rules and practice.</subfield>
   </datafield>
   <datafield tag="650" ind1=" " ind2="0">
      <subfield code="a">Lieutenant governors</subfield>
      <subfield code="z">Alberta</subfield>
      <subfield code="v">Biography.</subfield>
   </datafield>
   <datafield tag="650" ind1=" " ind2="0">
      <subfield code="a">Lieutenant governors</subfield>
      <subfield code="z">Northwest Territories</subfield>
      <subfield code="v">Biography.</subfield>
   </datafield>
   <datafield tag="650" ind1=" " ind2="0">
      <subfield code="a">Legislative bodies</subfield>
      <subfield code="z">Alberta</subfield>
      <subfield code="x">Presiding officers</subfield>
      <subfield code="v">Biography.</subfield>
   </datafield>
   <datafield tag="650" ind1=" " ind2="0">
      <subfield code="a">Prime ministers</subfield>
      <subfield code="z">Alberta</subfield>
      <subfield code="v">Biography.</subfield>
   </datafield>
   <datafield tag="651" ind1=" " ind2="5">
      <subfield code="a">Alberta</subfield>
      <subfield code="x">Politics and government</subfield>
      <subfield code="y">1905-</subfield>
   </datafield>
   <datafield tag="651" ind1=" " ind2="5">
      <subfield code="a">Northwest Territories</subfield>
      <subfield code="x">Politics and government</subfield>
      <subfield code="y">1870-1905.</subfield>
   </datafield>
   <datafield tag="651" ind1=" " ind2="0">
      <subfield code="a">Alberta</subfield>
      <subfield code="v">Biography.</subfield>
   </datafield>
   <datafield tag="651" ind1=" " ind2="0">
      <subfield code="a">Northwest Territories</subfield>
      <subfield code="v">Biography.</subfield>
   </datafield>
   <datafield tag="700" ind1="1" ind2=" ">
      <subfield code="a">Perry, Sandra E.</subfield>
   </datafield>
   <datafield tag="700" ind1="1" ind2=" ">
      <subfield code="a">Footz, Valerie.</subfield>
   </datafield>
   <datafield tag="700" ind1="1" ind2=" ">
      <subfield code="a">Massolin, Philip A.</subfield>
      <subfield code="q">(Philip Alphonse),</subfield>
      <subfield code="d">1967-</subfield>
   </datafield>
   <datafield tag="700" ind1="1" ind2=" ">
      <subfield code="a">Powell, Karen L.</subfield>
   </datafield>
   <datafield tag="700" ind1="1" ind2=" ">
      <subfield code="a">Craig, Jessica J.</subfield>
   </datafield>
   <datafield tag="700" ind1="1" ind2=" ">
      <subfield code="a">Shane, Margaret A.</subfield>
   </datafield>
   <datafield tag="710" ind1="1" ind2=" ">
      <subfield code="a">Alberta.</subfield>
      <subfield code="b">Legislative Assembly.</subfield>
   </datafield>
   <datafield tag="710" ind1="1" ind2=" ">
      <subfield code="a">Alberta.</subfield>
      <subfield code="b">Chief Electoral Officer.</subfield>
   </datafield>
   <datafield tag="740" ind1="0" ind2=" ">
      <subfield code="a">On behalf of the crown: Lieutenant governors of the North-West Territories and Alberta, 1869-2005.</subfield>
   </datafield>
   <datafield tag="740" ind1="0" ind2=" ">
      <subfield code="a">Mantle of leadership : premiers of the Northwest Territories and Alberta, 1897-2005.</subfield>
   </datafield>
   <datafield tag="740" ind1="0" ind2=" ">
      <subfield code="a">Higher duty : speakers of the Legislative Assemblies of the North-West Territories and Alberta, 1888-2005.</subfield>
   </datafield>
   <datafield tag="740" ind1="0" ind2=" ">
      <subfield code="a">Century of democracy: elections of the Legislative Assembly of Alberta, 1905-2005.</subfield>
   </datafield>
   <datafield tag="830" ind1=" " ind2="0">
      <subfield code="a">Centennial series</subfield>
   </datafield>
   <datafield tag="926" ind1=" " ind2=" ">
      <subfield code="a">AGL_CAP</subfield>
      <subfield code="b">REFERENCE</subfield>
      <subfield code="c">JL 330 C397 2006 Bk. 1-4</subfield>
      <subfield code="d">LOCAL_LOAN</subfield>
      <subfield code="f">1</subfield>
   </datafield>
   <datafield tag="926" ind1=" " ind2=" ">
      <subfield code="a">BURMAN</subfield>
      <subfield code="b">CURRICULUM</subfield>
      <subfield code="c">971.23 CEN bk.1</subfield>
      <subfield code="d">LOCAL_LOAN</subfield>
      <subfield code="f">1</subfield>
   </datafield>
   <datafield tag="926" ind1=" " ind2=" ">
      <subfield code="a">BURMAN</subfield>
      <subfield code="b">CURRICULUM</subfield>
      <subfield code="c">971.23 CEN bk.2</subfield>
      <subfield code="d">LOCAL_LOAN</subfield>
      <subfield code="f">1</subfield>
   </datafield>
   <datafield tag="926" ind1=" " ind2=" ">
      <subfield code="a">BURMAN</subfield>
      <subfield code="b">CURRICULUM</subfield>
      <subfield code="c">971.23 CEN bk.3</subfield>
      <subfield code="d">LOCAL_LOAN</subfield>
      <subfield code="f">1</subfield>
   </datafield>
   <datafield tag="926" ind1=" " ind2=" ">
      <subfield code="a">BURMAN</subfield>
      <subfield code="b">CURRICULUM</subfield>
      <subfield code="c">971.23 CEN bk.4</subfield>
      <subfield code="d">LOCAL_LOAN</subfield>
      <subfield code="f">1</subfield>
   </datafield>
   <datafield tag="926" ind1=" " ind2=" ">
      <subfield code="a">GPRC_GP</subfield>
      <subfield code="b">SPECIALCOL</subfield>
      <subfield code="c">JL 330 C397 2006 bk.1</subfield>
      <subfield code="d">LOCAL_LOAN</subfield>
      <subfield code="f">1</subfield>
   </datafield>
   <datafield tag="926" ind1=" " ind2=" ">
      <subfield code="a">GPRC_GP</subfield>
      <subfield code="b">SPECIALCOL</subfield>
      <subfield code="c">JL 330 C397 2006 bk.2</subfield>
      <subfield code="d">LOCAL_LOAN</subfield>
      <subfield code="f">1</subfield>
   </datafield>
   <datafield tag="926" ind1=" " ind2=" ">
      <subfield code="a">GPRC_GP</subfield>
      <subfield code="b">SPECIALCOL</subfield>
      <subfield code="c">JL 330 C397 2006 bk.3</subfield>
      <subfield code="d">LOCAL_LOAN</subfield>
      <subfield code="f">1</subfield>
   </datafield>
   <datafield tag="926" ind1=" " ind2=" ">
      <subfield code="a">GPRC_GP</subfield>
      <subfield code="b">SPECIALCOL</subfield>
      <subfield code="c">JL 330 C397 2006 bk.3</subfield>
      <subfield code="d">LOCAL_LOAN</subfield>
      <subfield code="f">1</subfield>
   </datafield>
   <datafield tag="926" ind1=" " ind2=" ">
      <subfield code="a">KINGS</subfield>
      <subfield code="b">ON_SHELF</subfield>
      <subfield code="c">JL 330 C397 2006</subfield>
      <subfield code="d">BOOK</subfield>
      <subfield code="f">1</subfield>
   </datafield>
   <datafield tag="926" ind1=" " ind2=" ">
      <subfield code="a">VANGUARD</subfield>
      <subfield code="b">ON_SHELF</subfield>
      <subfield code="c">JL 330 C397 2006 Bk. 1-4</subfield>
      <subfield code="d">BOOK</subfield>
      <subfield code="f">1</subfield>
   </datafield>
   <datafield tag="926" ind1=" " ind2=" ">
      <subfield code="a">VANGUARD</subfield>
      <subfield code="b">ON_SHELF</subfield>
      <subfield code="c">JL 330 C397 2006 Bk. 1-4</subfield>
      <subfield code="d">BOOK</subfield>
      <subfield code="f">2</subfield>
   </datafield>
</record>
